@online{ wiki:syt,
	title = {Systemtechnik},
	author = {Wikipedia Autoren},
	url = {https://de.wikipedia.org/wiki/Systemtechnik},
	organization = {Wikipedia},
	note = {07.03.2018}
}

@online{ wiki:javaee,
	title = {Java Platform, Enterprise Edition},
	author = {Java},
	url = {https://en.wikipedia.org/wiki/Java_Platform,_Enterprise_Edition},
	organization = {Wikipedia},
	note = {24.05.2018}
}

@online{ github:oracle-docker-images,
	title = {Oracle Docker Images Repository},
	author = {Oracle},
	url = {https://github.com/oracle/docker-images},
	organization = {GitHub},
	note = {24.05.2018}
}

@online{ github:glassfish,
	title = {Glassfish},
	author = {JavaEE},
	url = {https://javaee.github.io/glassfish/},
	organization = {GitHub},
	note = {24.05.2018}
}

@online{ github:javaee-examples,
	title = {JavaEE Tutorial Examples},
	author = {JavaEE},
	url = {https://github.com/javaee/tutorial-examples},
	organization = {GitHub},
	note = {24.05.2018}
}
